@article{Moody:2009:NTS:1687047.1687149,
 author = {Moody, Daniel},
 title = {The \&\#8220;Physics\&\#8221; of Notations: Toward a Scientific Basis for Constructing Visual Notations in Software Engineering},
 journal = {IEEE Trans. Softw. Eng.},
 issue_date = {November 2009},
 volume = {35},
 number = {6},
 month = nov,
 year = {2009},
 issn = {0098-5589},
 pages = {756--779},
 numpages = {24},
 url = {http://dx.doi.org/10.1109/TSE.2009.67},
 doi = {10.1109/TSE.2009.67},
 acmid = {1687149},
 publisher = {IEEE Press},
 address = {Piscataway, NJ, USA},
 keywords = {Modeling, Modeling, analysis, diagrams, communication, visualization, visual syntax, concrete syntax., analysis, communication, concrete syntax., diagrams, visual syntax, visualization},
}

@ARTICLE{Green96usabilityanalysis,
    author = {T. R. G. Green and M. Petre},
    title = {Usability Analysis of Visual Programming Environments: a `cognitive dimensions' framework},
    journal = {JOURNAL OF VISUAL LANGUAGES AND COMPUTING},
    year = {1996},
    volume = {7},
    pages = {131--174}
}

@misc{Idris,
  author = {Edwin Brady and the Idris development team},
  title = {Idris},
  howpublished = {\url{http://www.idris-lang.org/}}
}

@misc{Brady:IdrisTutorial,
  author = {Edwin Brady},
  title = {Programming in Idris: a tutorial},
  howpublished = {\url{http://eb.host.cs.st-andrews.ac.uk/writings/idris-tutorial.pdf}}
}

@misc{Idris:EmacsMode,
  author = {Hannes Mehnert and the Idris Emacs mode development team},
  title = {idris-mode},
  howpublished = {\url{https://github.com/idris-hackers/idris-mode}}
}
