@book{ramakrishnan2003database,
  title={Database management systems},
  author={Ramakrishnan, R. and Gehrke, J.},
  isbn={9780072465631},
  lccn={99037109},
  series={McGraw-Hill international editions: Computer science series},
  url={http://books.google.dk/books?id=\_81QAAAAMAAJ},
  year={2003},
  publisher={McGraw-Hill}
}

@book{Pierce:SF,
  author = {Benjamin C. Pierce and Chris Casinghino and 
                  Michael Greenberg and C\v{a}t\v{a}lin Hri\c{t}cu and Vilhelm Sjoberg and Brent Yorgey},
  title = {Software Foundations},
  year = {2012},
  publisher = {Electronic textbook},
  plclub = {Yes},
  bcp = {Yes},
  keys = {poplmark,books},
  note = {\URL{http://www.cis.upenn.edu/~bcpierce/sf}},
  ebook = {http://www.cis.upenn.edu/~bcpierce/sf},
  japanese = {http://proofcafe.org/sf}
}

@article{sexton2008reasoning,
  title={Reasoning about B+ trees with operational semantics and separation logic},
  author={Sexton, Alan and Thielecke, Hayo},
  journal={Electronic Notes in Theoretical Computer Science},
  volume={218},
  pages={355--369},
  year={2008},
  publisher={Elsevier}
}

@incollection{ernst2011verification,
  title={Verification of B+ trees: an experiment combining shape analysis and interactive theorem proving},
  author={Ernst, Gidon and Schellhorn, Gerhard and Reif, Wolfgang},
  booktitle={Software Engineering and Formal Methods},
  pages={188--203},
  year={2011},
  publisher={Springer}
}

@inproceedings{malecha2010toward,
  title={Toward a verified relational database management system},
  author={Malecha, Gregory and Morrisett, Greg and Shinnar, Avraham and Wisnesky, Ryan},
  booktitle={ACM Sigplan Notices},
  volume={45},
  number={1},
  pages={237--248},
  year={2010},
  organization={ACM}
}

@book{shasha2002database,
  title={Database Tuning: Principles, Experiments, and Troubleshooting Techniques},
  author={Shasha, D. and Bonnet, P.},
  isbn={9780080503783},
  series={The Morgan Kaufmann Series in Data Management Systems},
  url={http://books.google.dk/books?id=1CJdgVO8PwAC},
  year={2002},
  publisher={Elsevier Science}
}

@book{Elmasri1999,
 author = {Elmasri, Ramez A. and Navathe, Shankrant B.},
 editor = {Shanklin, Carter},
 title = {Fundamentals of Database Systems},
 year = {1999},
 isbn = {0805317554},
 edition = {3rd},
 publisher = {Addison-Wesley Longman Publishing Co., Inc.},
 address = {Boston, MA, USA},
} 

@misc{fmapavl,
  title = {FMapAVL},
  year = {2013},
  howpublished = {http://coq.inria.fr/stdlib/Coq.FSets.FMapAVL.html},

}
